%% This BibTeX bibliography file was created using BibDesk.
%% https://bibdesk.sourceforge.io/

%% Created for Takayuki Ito at 2019-02-11 21:10:55 +0900 


%% Saved with string encoding Unicode (UTF-8) 

@INPROCEEDINGS{Yokoo1993, 
author={M. Yokoo}, 
booktitle={Proceedings of 1993 IEEE Conference on Tools with Al (TAI-93)}, 
title={Constraint relaxation in distributed constraint satisfaction problems}, 
year={1993}, 
volume={}, 
number={}, 
pages={56-63}, 
keywords={constraint handling;distributed constraint satisfaction problems;distributed artifical intelligence problems;DCSP;importance values;agents;optimal solution;asynchronous incremental relaxation algorithm;asynchronous backtracking algorithm;sequential backtracking techniques;redundant computation;constraint violations;nogoods;Iterative algorithms;Artificial intelligence;Laboratories;Distributed computing;Intelligent agent;Resource management}, 
doi={10.1109/TAI.1993.633936}, 
ISSN={1063-6730}, 
month={Nov},}

@inproceedings{Bridgeland1990,
author = {Bridgeland, David and Huhns, Michael},
year = {1990},
month = {01},
pages = {72-77},
title = {Distributed Truth Maintenance},
doi = {10.1007/978-1-4471-1831-2_7}
}

@mastersthesis{baarslag2014,
	Author = {Tim Baarslag},
	Date-Added = {2019-02-11 21:09:42 +0900},
	Date-Modified = {2019-02-11 21:10:53 +0900},
	School = {Delft University of Technology},
	Title = {What to bid and When to stop},
	Year = {2014}}

@inproceedings{Shan2018,
	Author = {Shan Liu and Ahmed Moustafa and Takayuki Ito},
	Booktitle = {The 21st International Conference on Principles and Practice of Multi-Agent Systems (PRIMA2018)},
	Date-Added = {2019-02-11 20:58:41 +0900},
	Date-Modified = {2019-02-11 20:59:27 +0900},
	Title = {Agent33: An Automated Negotiator with Heuristic Method for Searching Bids around Nash Bargaining Solution},
	Year = {2018}}

@book{bai2017multi,
	Author = {Bai, Quan and Ren, Fenghui and Fujita, Katsuhide and Zhang, Minjie and Ito, Takayuki},
	Publisher = {Springer},
	Title = {Multi-agent and Complex Systems},
	Year = {2017}}

@book{fukuta2016recent,
	Author = {Fukuta, Naoki and Ito, Takayuki and Zhang, Minjie and Fujita, Katsuhide and Robu, Valentin},
	Publisher = {Springer},
	Title = {Recent Advances in Agent-based Complex Automated Negotiation},
	Volume = {638},
	Year = {2016}}

@book{fujita2015next,
	Author = {Fujita, Katsuhide and Ito, Takayuki and Zhang, Minjie and Robu, Valentin},
	Publisher = {Springer},
	Title = {Next Frontier in Agent-based Complex Automated Negotiation},
	Volume = {596},
	Year = {2015}}

@book{bai2014smart,
	Author = {Bai, Quan and Ren, Fenghui and Zhang, Minjie and Ito, Takayuki and Tang, Xijin},
	Publisher = {Springer},
	Title = {Smart Modeling and Simulation for Complex Systems},
	Year = {2014}}

@book{marsa2014novel,
	Author = {Marsa-Maestre, Ivan and Lopez-Carmona, Miguel A and Ito, Takayuki and Zhang, Minjie and Bai, Quan and Fujita, Katsuhide},
	Publisher = {Springer},
	Title = {Novel insights in agent-based complex automated negotiation},
	Volume = {535},
	Year = {2014}}

@book{ito2013complex,
	Author = {Ito, Takayuki and Zhang, Minjie and Robu, Valentin and Matsuo, Tokuro},
	Publisher = {Springer},
	Title = {Complex automated negotiations: Theories, models, and software competitions},
	Year = {2013}}

@book{ito2011new,
	Author = {Ito, Takayuki and Zhang, Minjie and Robu, Valentin and Fatima, Shaheen and Matsuo, Tokuro},
	Publisher = {Springer},
	Title = {New trends in agent-based complex automated negotiations},
	Volume = {383},
	Year = {2011}}

@book{ito2010innovations,
	Author = {Ito, Takayuki and Zhang, Minjie and Robu, Valentin and Fatima, Shaheen and Matsuo, Tokuro and Yamaki, Hirofumi},
	Publisher = {Springer},
	Title = {Innovations in Agent-Based Complex Automated Negotiations},
	Volume = {319},
	Year = {2010}}

@book{ito2009advances,
	Author = {Ito, Takayuki and Zhang, Minjie and Robu, Valentin and Fatima, Shaheen and Matsuo, Tokuro},
	Publisher = {Springer},
	Title = {Advances in agent-based complex automated negotiations},
	Volume = {233},
	Year = {2009}}

@book{ito2008rational,
	Author = {Ito, Takayuki and Hattori, Hiromitsu and Zhang, Minjie and Matsuo, Tokuro},
	Publisher = {Springer},
	Title = {Rational, robust, and secure negotiations in multi-agent systems},
	Volume = {89},
	Year = {2008}}

@inproceedings{Rossi2016,
	Author = {Francesca Rossi},
	Booktitle = {10th Workshop on Advances in Preference Handling (MPREF)},
	Title = {Moral preferences},
	Url = {http://www.mpref-2016.preflib.org/wpcontent/ uploads/2016/06/paper-15.pdf},
	Year = {2016},
	Bdsk-Url-1 = {http://www.mpref-2016.preflib.org/wpcontent/%20uploads/2016/06/paper-15.pdf}}

@inproceedings{Conitzer2017,
	Author = {Vincent Conitzer and Walter Sinnott-Armstrong and Jana Schaich Borg and Yuan Deng and Max Kramer},
	Booktitle = {Proceedings of Thirty-First AAAI Conference on Artificial Intelligence},
	Title = {Moral Decision Making Frameworks for Artificial Intelligence},
	Year = {2017}}

@book{Neumann1944,
	Author = {John Von Neumann and Oskar Morgenstern},
	Publisher = {Princeton University Press},
	Title = {Theory of Games and Economic Behavior},
	Year = {1944}}

@book{Rosenschein1994,
	Author = {Jeffrey S. Rosenschein and Gilad Zlotkin},
	Publisher = {MIT Press},
	Title = {Rules of encounter: designing conventions for automated negotiation among computers},
	Year = {1994}}

@inproceedings{Endriss2003,
	Author = {Ulrich Endriss and Nicolas Maudet and Fariba Sadri and Francesca Toni},
	Booktitle = {Proceedings of the second international joint conference on Autonomous agents and multiagent systems},
	Location = {Melbourne, Australia},
	Numpages = {8},
	Pages = {177--184},
	Publisher = {ACM},
	Series = {AAMAS '03},
	Title = {On optimal outcomes of negotiations over resources},
	Year = {2003}}

@article{Endriss2006,
	Author = {Ulle Endriss and Nicolas Maudet and Fariba Sadri and Francesca Toni},
	Issue_Date = {January 2006},
	Journal = {Journal of Artifficial Intelligence Researches (JAIR)},
	Month = mar,
	Number = {1},
	Numpages = {34},
	Pages = {315--348},
	Title = {Negotiating socially optimal allocations of resources},
	Volume = {25},
	Year = {2006}}

@article{Baarslag2012,
	Author = {Tim Baarslag and Katsuhide Fujita and Enrico Gerding and Koen Hindriks and Takayuki Ito and Nick R. Jennings and Catholijn Jonker and Sarit Kraus and Raz Lin and Valentin Robu and Colin Williams},
	Journal = {Artificial Intelligence Journal (AIJ)},
	Note = {(to appear)},
	Optmonth = {January},
	Optnumber = {1},
	Optvolume = {7},
	Publisher = {ELSEVIER},
	Title = {The First International Automated Negotiating Agents Competition},
	Year = 2012}

@book{Brams1996,
	Author = {Steven J. Brams and Alan D. Taylor},
	Publisher = {Cambridge University Press},
	Title = {Fair division - from cake-cutting to dispute resolution},
	Year = {1996}}

@inproceedings{Saha2007,
	Address = {San Francisco, CA, USA},
	Author = {Sabyasachi Saha and Sandip Sen},
	Booktitle = {Proceedings of the 20th international joint conference on Artifical intelligence},
	Location = {Hyderabad, India},
	Numpages = {6},
	Pages = {1494--1499},
	Publisher = {Morgan Kaufmann Publishers Inc.},
	Series = {IJCAI'07},
	Title = {An efficient protocol for negotiation over multiple indivisible resources},
	Year = {2007}}

@incollection{Hao2012,
	Affiliation = {Department of Computer Science and Engineering, The Chinese University of Hong Kong, Hong Kong},
	Author = {Jianye Hao and Ho-fung Leung},
	Booktitle = {PRIMA 2012: Principles and Practice of Multi-Agent Systems},
	Editor = {Rahwan, Iyad and Wobcke, Wayne and Sen, Sandip and Sugawara, Toshiharu},
	Isbn = {978-3-642-32728-5},
	Keyword = {Computer Science},
	Pages = {46-60},
	Publisher = {Springer Berlin / Heidelberg},
	Series = {Lecture Notes in Computer Science},
	Title = {An Efficient Negotiation Protocol to Achieve Socially Optimal Allocation},
	Volume = {7455},
	Year = {2012}}

@article{Dillenberger2012,
	Author = {David Dillenberger and Philipp Sadowski},
	Journal = {Theoretical Economics},
	Month = {January},
	Number = {1},
	Title = {Ashamed to be selfish},
	Volume = {7},
	Year = 2012}

@article{Gul2001,
	Author = {Faruk Gul and Wolfgang Pesendorfer},
	Issn = {1468-0262},
	Journal = {Econometrica},
	Number = {6},
	Pages = {1403--1435},
	Publisher = {Blackwell Publishers Ltd},
	Title = {Temptation and Self-Control},
	Volume = {69},
	Year = {2001}}

@article{Gul2004a,
	Author = {Faruk Gul and Wolfgang Pesendorfer},
	Journal = {Econometrica},
	Number = {1},
	Pages = {119-158},
	Title = {Self-Control and the Theory of Consumption},
	Volume = {72},
	Year = 2004}

@article{Gul2004b,
	Author = {Faruk Gul and Wolfgang Pesendorfer},
	Journal = {Review of Economic Dynamics},
	Number = {2},
	Pages = {243-264},
	Title = {Self Control, Revealed Preferences and Consumption Choice},
	Volume = {7},
	Year = 2004}

@article{Noor2010,
	Author = {Jawwad Noor and Norio Takeoka},
	Journal = {Theoretical Economics},
	Number = {2},
	Pages = {127--158},
	Title = {Uphill self-control},
	Volume = {5},
	Year = {2010}}

@article{Aydogan2015,
	Author = {Aydogan, Reyhan and Baarslag, Tim and Hindriks, Koen and Jonker, Catholijn and Yolum, Pinar},
	Doi = {10.1007/s10115-014-0798-z},
	Journal = {Knowledge and Information Systems},
	Month = {11},
	Pages = {357--388},
	Title = {Heuristics for using CP-nets in utility-based negotiation without knowing utilities},
	Volume = {45},
	Year = {2015},
	Bdsk-Url-1 = {https://doi.org/10.1007/s10115-014-0798-z}}

@article{Strotz1955,
	Author = {R. H. Strotz},
	Journal = {The Review of Economic Studies},
	Optnumber = {6},
	Optpublisher = {Blackwell Publishers Ltd},
	Pages = {165--180},
	Title = {Myopia and Inconsistency in Dynamic Utility Maximiation},
	Volume = {23},
	Year = {1955}}

@misc{Lipman2011,
	Author = {Barton L. Lipman and Wolfgang Pesendorfer},
	Note = {working paper},
	Title = {Temptation},
	Year = {2011}}

@incollection{2012,
	Author = {武岡 則男},
	Booktitle = {現代経済学の潮流2012},
	Chapter = {5},
	Editor = {大垣 昌夫 and 小川 一夫 and 小西 秀樹 and 田淵 隆俊},
	Pages = {117--151},
	Publisher = {東洋経済新報社},
	Title = {誘惑と自制の意思決定},
	Year = {2012}}

@book{Camerer2003,
	Author = {Camerer, C.F.},
	Publisher = {Princeton University Press},
	Series = {The Roundtable Series in Behavioral Economics},
	Title = {Behavioral Game Theory: Experiments in Strategic Interaction},
	Year = {2003}}

@article{Dana2006,
	Author = {Jason Dana and Daylian M. Cain and Robyn M. Dawes},
	Journal = {Organizational Behavior and Human Decision Processes},
	Number = {2},
	Pages = {193-201},
	Title = {What you don't know won't hurt me: Costly (but quiet) exit in dictator games},
	Volume = {100},
	Year = 2006}

@book{Ito2009,
	Author = {Takayuki Ito and Minjie Zhang and Valentin Robu and Shaheen Fatima and Tokuro Matsuo},
	Publisher = {Springer},
	Title = {Advances in Agent-Based Complex Automated Negotiations},
	Year = {2009}}

@book{Ito2008,
	Author = {Takayuki Ito and Hiromitsu Hattori and Minjie Zhang and Tokuro Matsuo},
	Publisher = {Springer},
	Title = {Rational, Robust, and Secure Negotiations in Multi-Agent Systems},
	Year = {2008}}

@book{Yang2010,
	Author = {Jung-Jin Yang and Makoto Yokoo and Takayuki Ito and Zhi Jin and Paul Scerri},
	Publisher = {Springer},
	Series = {Lecture Notes in Computer Science / Lecture Notes in Artificial Intelligence},
	Title = {Principles of Practice in Multi-Agent Systems: 12th International Conference, PRIMA 2009, Nagoya, Japan, December 14-16, 2009, Proceedings},
	Year = {2010}}

@book{Keeney1993,
	Author = {Ralph L. Keeney and Howard Raiffa},
	Publisher = {Cambridge University Press},
	Title = {Decisions with Multiple Objectives: Preferences and Value Trade-Offs},
	Year = {1993}}

@book{Varian2006,
	Author = {Val R. Varian},
	Publisher = {WW Norton \& Co},
	Title = {Intermediate Microeconomics: A Modern Approach},
	Year = {2006}}

@book{Raiffa82a,
	Author = {Howard Raiffa},
	Publisher = {Belknap Press},
	Title = {The Art and Science of Negotiation},
	Year = 1982}

@book{Luce1989,
	Author = {R. Duncan Luce and Howard Raiffa},
	Publisher = {Dover Publications},
	Title = {Games and Decisions: Introduction and Critical Survey},
	Year = {1989}}

@book{1997,
	Author = {亀田達也},
	Publisher = {共立出版株式会社},
	Title = {合議の知を求めて-グループの意思決定-},
	Year = {1997}}

@book{1980,
	Author = {佐伯胖},
	Publisher = {東京大学出版会},
	Title = {「決め方」の論理},
	Year = {1980}}

@book{1997,
	Author = {田村坦之 and 中村豊 and 藤田眞一},
	Publisher = {コロナ社},
	Title = {効用分析の数理と応用},
	Year = {1997}}

@book{985,
	Author = {林知己夫},
	Publisher = {朝倉書店},
	Title = {新版　意思決定の基礎},
	Year = {1985}}

@book{97,
	Author = {岡田章},
	Publisher = {有斐閣},
	Title = {ゲーム理論},
	Year = 1997}

@book{94,
	Author = {鈴木光男},
	Publisher = {勁草書房},
	Title = {新ゲーム理論},
	Year = 1994}

@book{81,
	Author = {鈴木光男},
	Publisher = {共立出版},
	Title = {ゲーム理論入門},
	Year = 1981}

@book{Rosenschein94,
	Author = {Jeffrey S. Rosenschein and Gilad Zlotkin},
	Publisher = {MIT Press},
	Title = {Rules of Encounter},
	Year = 1994}

@article{1992,
	Author = {石田亨 and 桑原和宏},
	Journal = {人工知能学会誌},
	Number = {6},
	Pages = {945-954},
	Publisher = {社団法人人工知能学会},
	Title = {分散人工知能(1) : 協調問題解決},
	Volume = {7},
	Year = {1992}}

@article{1993,
	Author = {桑原和宏 and 石田亨},
	Journal = {人工知能学会誌},
	Number = {1},
	Pages = {17-25},
	Publisher = {社団法人人工知能学会},
	Title = {分散人工知能(2) : 交渉と均衡化},
	Volume = {8},
	Year = {1993}}

@article{1993,
	Author = {村上国男},
	Journal = {人工知能学会誌},
	Number = {6},
	Pages = {697--700},
	Publisher = {社団法人人工知能学会},
	Title = {機械エージェント間の合意形成システム (<特集>「コミュニケーションと人工知能」)},
	Volume = {8},
	Year = {1993}}

@article{97,
	Author = {伊藤孝行 and 新谷虎松},
	Journal = {電子情報通信学会論文誌. D-II, 情報・システム, II-情報処理},
	Number = {10},
	Pages = {2780-2789},
	Publisher = {社団法人電子情報通信学会},
	Title = {グループ代替案選択支援システムにおけるエージェント間の説得機構について},
	Volume = {80},
	Year = {1997}}

@article{2008,
	Author = {伊藤孝行},
	Journal = {コンピュータソフトウェア（日本ソフトウェア科学会論文誌）},
	Pages = {20--32},
	Title = {計算論的メカニズムデザイン},
	Volume = {25},
	Year = {2008}}

@article{Jennings2001,
	Author = {Nicholas R. Jennings and Payman Faratin and Allecio R. Lomuscio and Simon Parsons and Michael Wooldridge and Carles Sierra},
	Journal = {Group Decision and Negotiation},
	Pages = {199--215},
	Title = {Automated Negotiation: Prospects, Methods, and Challenges},
	Volume = {10},
	Year = {2001}}

@article{Nash1950,
	Author = {John Nash},
	Journal = {Econometrica},
	Number = {2},
	Pages = {155--162},
	Title = {The Bargaining Problem},
	Volume = {18},
	Year = {1950}}

@article{Malone2008,
	Author = {Thomas W. Malone and Mark Klein},
	Journal = {Innovations Journal},
	Pages = {15--26},
	Title = {Harnessing Collective Intelligence to Address Global Climate Change},
	Volume = {2(3)},
	Year = {2007}}

@article{Fishburn1965,
	Author = {Peter C. Fishburn},
	Journal = {Operations Resaerch},
	Number = {28 - 45},
	Pages = {159--182},
	Title = {Independence in Utility Theory with Whole Product Sets},
	Volume = {13},
	Year = {1965}}

@article{Tamura1983,
	Author = {Hiroyuki Tamura and Yutaka Nakamura},
	Journal = {Operations Research},
	Number = {3},
	Title = {Decompositions of Multiattribute Utility Functions Based on Convex Dependence},
	Volume = {31},
	Year = {1983}}

@article{Faratin1998,
	Author = {Payman Faratin and Carles Sierra and Nicholas R. Jennings},
	Journal = {Int. Journal of Robotics and Autonomous Systems},
	Number = {3 - 4},
	Pages = {159--182},
	Title = {Negotiation Decision Functions for Autonomous Agents},
	Url = {http://eprints.ecs.soton.ac.uk/2117/},
	Volume = {24},
	Year = {1998},
	Bdsk-Url-1 = {http://eprints.ecs.soton.ac.uk/2117/}}

@article{Rubinstein1982,
	Author = {Ariel Rubinstein},
	Number = {1},
	Pages = {97--109},
	Title = {Perfect Equilibrium In A Bargaining Model},
	Volume = {50},
	Year = {1982}}

@article{Luo2006,
	Author = {X Luo and N. R. Jennings and N. Shadbolt},
	Journal = {International Journal of Human Computer Studies},
	Number = {4},
	Pages = {304--321},
	Title = {Acquiring User Strategies and Preferences for Negotiating Agents: A Default Then Adjust Method},
	Volume = {64},
	Year = {2006}}

@article{Ito2008mags,
	Author = {Takayuki Ito and Mark Klein and Hiromitsu Hattori},
	Journal = {Journal of Multiagent and Grid Systems},
	Number = {1},
	Pages = {67--83},
	Publisher = {IOS press},
	Title = {A Multi-Issue Negotiation Protocol among Agents with Nonlinear Utility Functions: A Preliminary Report},
	Volume = {4},
	Year = {2008}}

@article{Smith1980,
	Author = {Reid G Smith},
	Journal = {IEEE Transactions on Systems, Man, and Cybernetics},
	Month = {December},
	Pages = {1104--1113},
	Title = {The contract net protocol: High-level communication and control in a distributed problem solver},
	Year = {1980}}

@article{Conry1988,
	Author = {S.E. Conry and R.A. Meyer and V.R Lesser},
	Journal = {Readings in Distributed Artificial Intelligence},
	Pages = {367--384},
	Publisher = {Morgan Kaufmann Publishers, California},
	Title = {Multistage Negotiation in Distributed Planning},
	Year = {1988}}

@inproceedings{Ito97,
	Author = {Takayuki Ito and Toramatsu Shintani},
	Booktitle = {In Proceedings of the 5th International Joint Conference on Artificial Intelligence (IJCAI97)},
	Pages = {592--597},
	Publisher = {Morgan Kaufmann},
	Title = {Persuasion among Agents: An Approach to Implementing a Group Decision Support System Based on Multi-Agent Negotiation},
	Year = {1997}}

@inproceedings{Sen94a,
	Author = {Sandip Sen and Edmund H. Durfee},
	Booktitle = {In Proc. of the Tenth IEEE Conference on AI Applications},
	Pages = {40--46},
	Title = {On the Design of an Adaptive Meeting Scheduler},
	Year = {1994}}

@article{Sen94b,
	Author = {Sandip Sen and Edmund H. Durfee},
	Journal = {International Journal on Intelligent Cooperative Information Systems},
	Pages = {67--81},
	Title = {The Role of Commitment in Cooperative Negotiation},
	Volume = {3},
	Year = {1994}}

@inproceedings{Bui96,
	Author = {H. H. Bui and D. Kieronska and S. Venkatesh},
	Booktitle = {The National Conference on Artificial Intelligence (AAAI-96)},
	Pages = {114--119},
	Publisher = {AAAI Press},
	Title = {Learning Other Agents' Preferences in Multiagent Negotiation},
	Year = {1996}}

@inproceedings{Chalupsky2001,
	Author = {Hans Chalupsky and Yolanda Gil and Craig A. Knoblock and Kristina Lerman and Jean Oh and David V. Pynadath and Thomas A. Russ and Milind Tambe},
	Booktitle = {International Conference of Innovative Application of Artificial Intelligence (IAAI'01)},
	Pages = {114--119},
	Publisher = {AAAI Press},
	Title = {Electric Elves : Applying Agent Technology to Support Human Organizations},
	Year = {2001}}

@inproceedings{Ephrati94,
	Author = {Eithan Ephrati and Gilad Zlotkin and Jeffrey S. Rosenschein},
	Booktitle = {In Proc. 13th International Distributed Artificial Intelligence Workshop, Lake Quinalt},
	Pages = {105--125},
	Publisher = {AAAI Press},
	Title = {A Non-manipulable Meeting Scheduling System},
	Year = {1994}}

@inproceedings{Garrido96,
	Author = {Leonardo Garrido and Katia Sycara},
	Pages = {95--102},
	Publisher = {AAAI Press},
	Title = {Multi-Agent Meeting Scheduling: Preliminary Experimental Results},
	Year = {1996}}

@inproceedings{Ito2007,
	Author = {Takayuki Ito and Hiromitsu Hattori and Mark Klein},
	Booktitle = {Proc. of 20th International Joint Conference on Artificial Intelligence (IJCAI-2007)},
	Pages = {1347--1352},
	Title = {Multi-issue Negotiation Protocol for Agents : Exploring Nonlinear Utility Spaces},
	Year = 2007}

@inproceedings{Klein2008,
	Author = {Marl Klein and Luca Iandoli},
	Booktitle = {Proc. of the Directions and Implications of Advanced Computing Symposium Conference on Online Deliberation (DIAC-2008/OD2008)},
	Title = {Supporting Collaborative Deliberation Using a Large-Scale Argumentation System: The MIT Collaboratorium},
	Year = 2008}

@inproceedings{Sycara1988,
	Author = {Katia P. Sycara},
	Booktitle = {Proceedings of Fifth National Conference on Artificial Intelligence},
	Pages = {245--250},
	Title = {Resolving Goal Conflicts via Negotiation},
	Year = {1988}}

@inproceedings{Sycara1989,
	Author = {Katia P. Sycara},
	Booktitle = {Proceedings on International Joint Conference on Artificial Intelligence (IJCAI-89)},
	Pages = {517--523},
	Title = {Argumentation : Planning Other Agents'　Plans},
	Year = {1989}}

@inproceedings{Sycara1985,
	Author = {Katia Sycara-Cyranski},
	Booktitle = {Proceedings of International Joint Conference on Artificial Intelligence(IJCAI-85)},
	Pages = {294--296},
	Title = {Arguments of Persuasion in Labor Mediation},
	Year = {1985}}

@inproceedings{Guttman98b,
	Author = {Robert H. Guttman and Pattie Maes},
	Booktitle = {Proceedings of the Second International Workshop on Cooperative Information Agents (CIA-98)},
	Title = {Agent-mediated Integrative Negotiation for Retail Electronic Commerce},
	Year = {1998}}

@inproceedings{Chavez96,
	Author = {Anthony Chavez and Pattie Maes},
	Booktitle = {Proceedings of First International Conference and Exhibition on The Practical Application of Intelligent Agents and Multi-Agents (PAAM-96)},
	Month = {April},
	Pages = {75--90},
	Title = {Kasbah: An Agent Marketplace for Buying and Selling Goods},
	Year = {1996}}

@inproceedings{Chavez97,
	Author = {Anthony Chavez and Pattie Maes},
	Booktitle = {Proceedings of Second International Conference and Exhibition on The Practical Application of Intelligent Agents and Multi-Agents (PAAM-97)},
	Title = {A Real-Life Experiment in Creating an Agent Marketplace},
	Year = {1997}}

@inproceedings{Wurman98a,
	Author = {Peter R. Wurman and Michael P. Wellman and William E. Walsh},
	Booktitle = {Proceedings of the Second International Conference on Autonomous Agents (Agents-98)},
	Title = {The Michigan Internet AuctionBot: A Configurable Auction Server for Human and Software Agents},
	Year = {1998}}

@inproceedings{Wurman98b,
	Author = {Peter R. Wurman and William E. Walsh and Michael P. Wellman},
	Booktitle = {Decision Support Systems},
	Pages = {17--27},
	Title = {Flexible double auctions for electronic commerce: theory and implementation},
	Volume = {24},
	Year = {1998}}

@inproceedings{Rodriquez97,
	Author = {Juan A. Rodriguez and Pablo Noriega and Carles Sierra and Julian Padget},
	Booktitle = {Proceedings of Second International Conference on the Practical Application of Intelligent Agents and Multi-Agent Technology (PAAM-97)},
	Title = {FM96.5:A Java-based Electronic Auction House},
	Year = {1997}}

@inproceedings{Sandholm99,
	Author = {Tuomas Sandholm},
	Booktitle = {Proceedings of the Sixteenth National Conference on Artificial Intelligence(AAAI-99) At the Intelligent Systems Demonstration Program},
	Pages = {923-924},
	Publisher = {AAAI Press},
	Title = {eMediator: A Next Generation Electronic Commerce Server},
	Year = {1999}}

@phdthesis{Parkes2001,
	Author = {David C. Parkes},
	School = {Univesity of Pennsylvania},
	Title = {Iterative Combinatorial Auctions: Achieving Economic and Computational Efficiency},
	Year = {2001}}

@incollection{Maes1997,
	Author = {Pattie Maes},
	Booktitle = {Software Agents},
	Publisher = {AAAI Press / The MIT Press},
	Title = {Chapter 8: Agents the Reduce Work and Information Overload},
	Year = {1997}}

@incollection{Malone1997,
	Author = {Thomas W. Malone and Kum-Yew Lai and Kenneth R. Grant},
	Booktitle = {Software Agents},
	Publisher = {AAAI Press / The MIT Press},
	Title = {Chapter 7: Agents for Information Sharing and Coordination: A History and Some Reflections},
	Year = {1997}}

@incollection{Parkes2005,
	Author = {David C. Parkes},
	Booktitle = {Lecture notes of Tutorials at 10th Conference on Theoretical Aspects of Rationality and Knowledge (TARK-05), To appear.},
	Publisher = {Institute of Mathematical Sciences, University of Singapore},
	Title = {Computational Mechanism Design},
	Www_Pdf_Url = {http://www.eecs.harvard.edu/econcs/pubs/tark08.pdf},
	Www_Section = {Miscellaneous and Overview},
	Year = {2005}}

@inproceedings{Hindriks2009,
	Author = {Koen Hindriks and Catholijn M. Jonker and Sarit Kraus and Raz Lin and Dmytro Tykhonov},
	Booktitle = {Proc. of The 8th International Joint Conference on Autonomous Agents and Multi-agent Systems (AAMAS-2009)},
	Pages = {1057--1064},
	Title = {GENIUS - Negotiation Environment for Heterogeneous Agents},
	Year = 2009}

@article{Hattori2008,
	Author = {服部 宏充 and 伊藤 孝行 and Mark Klein},
	Journal = {電子情報通信学会論文誌 D-I,「ソフトウェアエージェントとその応用特集号」},
	Number = {9},
	Pages = {2336--2348},
	Title = {複数論点交渉問題のための効用空間の絞り込みに基づくマルチエージェント交渉手法},
	Volume = {J90-D},
	Year = {2008}}

@article{Hattori2006,
	Author = {服部 宏充 and 伊藤 孝行 and Mark Klein},
	Journal = {電子情報通信学会論文誌 D-I},
	Number = {12},
	Pages = {2648-2660},
	Title = {非線形効用関数を持つエージェントのためのオークションに基づく交渉プロトコル},
	Volume = {J89-D},
	Year = {2006}}

@article{Shamir1979,
	Author = {Adi Shamir},
	Journal = {Commun. ACM},
	Number = {11},
	Pages = {612-613},
	Title = {How to Share a Secret},
	Volume = {22},
	Year = {1979}}

@article{Sanfey2003,
	Author = {Alan G. Sanfey and James K. Rilling and Jessica A. Aronson and Leigh E. Nystrom and Jonathan D. Cohen},
	Journal = {Science},
	Number = {13},
	Pages = {1755--1758},
	Title = {The Neural Basis of Economic Decision-Making in the Ultimatum Game},
	Volume = {300},
	Year = {2003}}

@article{Schmidt2004,
	Author = {Jens Grossklags and Carsten Schmidt},
	Journal = {IEEE Transactions of Systems, Mans, and Cybernetics, Part C},
	Number = {1},
	Pages = {56--67},
	Title = {Software Agents and Market (In)Efficiency - A Human Trader Experiment},
	Volume = {36},
	Year = {2004}}

@inproceedings{Grosz2004,
	Author = {Barbara J. Grosz and Sarit Kraus and Shavit Talman and Boaz Stossel and Moti Havlin},
	Journal = {International Joint Conference on Autonomous Agents and Multiagent Systems (AAMAS2004)},
	Pages = {782-789},
	Publisher = {IEEE Computer Society},
	Title = {The Influence of Social Dependencies on Decision-Making: Initial Investigations with a New Game},
	Volume = {2},
	Year = {2004}}

@inproceedings{Maestre2009-a,
	Author = {Ivan Marsa-Maestre and Miguel A. Lopez-Carmona and Juan R. Velasco and Enrique de la Hoz},
	Booktitle = {Proc. of The 8th International Joint Conference on Autonomous Agents and Multi-agent Systems (AAMAS-2009)},
	Pages = {1057--1064},
	Title = {Effective bidding and deal identification for negotiations in highly nonlinear scenarios},
	Year = 2009}

@inproceedings{Maestre2009-b,
	Author = {Ivan Marsa-Maestre and Miguel A. Lopez-Carmona and Juan R. Velasco and Takayuki Ito and Katsuhide Fujita and Mark Klein},
	Booktitle = {Proc. of Twenty-first International Joint Conference on Artificial Intelligence (IJCAI-09)},
	Pages = {214--219},
	Title = {Balancing Utility and Deal Probability for Negotiations in Highly Nonlinear Utility Spaces},
	Year = 2009}

@article{Maestre2010,
	Author = {Ivan Marsa Maestre and Miguel Angel Lopez Carmona and Mark Klein and Takayuki Ito},
	Journal = {Journal of Autonomous Agents and Multi-Agent Systems},
	Optvolume = {3},
	Pages = {to appear},
	Title = {Addressing Stability Issues in Mediated Complex Contract Negotiations for Constraint-based, Non-monotonic Utility Spaces},
	Year = {2011}}

@inproceedings{Robu2005,
	Address = {New York, NY, USA},
	Author = {Valentin Robu and D. J. A. Somefun and J.A. La Poutr\'{e}},
	Booktitle = {AAMAS '05: Proceedings of the fourth international joint conference on Autonomous agents and multiagent systems},
	Location = {The Netherlands},
	Pages = {280--287},
	Publisher = {ACM},
	Title = {Modeling complex multi-issue negotiations using utility graphs},
	Year = {2005}}

@article{Tambe2000,
	Author = {Milind Tambe and Weixiong Zhang},
	Journal = {Journal of Autonomous Agents and Multi-Agent Systems},
	Pages = {159--183},
	Title = {Towards Flexible Teamwork in Persistent Teams: Extended Report},
	Volume = {3},
	Year = {2000}}

@article{Raz2010,
	Author = {Raz Lin and Sarit Kraus},
	Journal = {Commun. ACM},
	Number = {1},
	Pages = {78--88},
	Publisher = {ACM},
	Title = {Can automated agents proficiently negotiate with humans?},
	Volume = {53},
	Year = {2010}}

@inproceedings{Sandholm1995,
	Author = {Tuomas Sandholm and Victor R Lesser},
	Booktitle = {ICMAS1995},
	Pages = {12--14},
	Publisher = {AAAI},
	Title = {Issues in automated negotiation and electronic commerce: Extending the contract net framework},
	Year = {1995}}

@article{Sandholm1999,
	Acmid = {295866},
	Address = {New York, NY, USA},
	Author = {Sandholm, Tuomas},
	Doi = {10.1145/295685.295866},
	Issn = {0001-0782},
	Issue_Date = {March 1999},
	Journal = {Commun. ACM},
	Month = mar,
	Number = {3},
	Numpages = {2},
	Pages = {84--85},
	Publisher = {ACM},
	Title = {Automated Negotiation},
	Url = {http://doi.acm.org/10.1145/295685.295866},
	Volume = {42},
	Year = {1999},
	Bdsk-Url-1 = {http://doi.acm.org/10.1145/295685.295866},
	Bdsk-Url-2 = {https://doi.org/10.1145/295685.295866}}

@book{Kraus2001,
	Author = {Sarit Kraus},
	Publisher = {MIT Press},
	Title = {Strategic Negotiation in Multiagent Environments},
	Year = {2001}}

@article{Tversky1981,
	Author = {Amos tversky and Daniel Kahneman},
	Journal = {Science},
	Number = {4481},
	Pages = {453--458},
	Title = {The Framing of Decisions and the Psychology of Choice},
	Volume = {211},
	Year = 1981}

@article{Erev1998,
	Author = {Ido Erev and Alvin E Roth},
	Journal = {American Economic Review},
	Month = {September},
	Number = {4},
	Pages = {848-81},
	Title = {Predicting How People Play Games: Reinforcement Learning in Experimental Games with Unique, Mixed Strategy Equilibria},
	Volume = {88},
	Year = 1998}

@article{Mckelvey1992,
	Author = {Richard D Mckelvey and Thomas R Palfrey},
	Journal = {Econometrica},
	Month = {July},
	Number = {4},
	Pages = {803-36},
	Title = {An Experimental Study of the Centipede Game},
	Volume = {60},
	Year = 1992}

@inproceedings{Faratin2002,
	Author = {Peyman Faratin and Carles Sierra and Nicholas R. Jennings},
	Booktitle = {Artificial Intelligence},
	Pages = {142:205--237},
	Title = {Using Similarity Criteria to Make Issue Trade-offs in Automated Negotiations},
	Year = 2002}

@inproceedings{Fatima2009,
	Author = {S. Shaheen Fatima and Michael Wooldridge and Nicholas R. Jennings},
	Booktitle = {AAMAS (2)},
	Pages = {1041-1048},
	Title = {An analysis of feasible solutions for multi-issue negotiation involving nonlinear utility functions},
	Year = {2009}}

@inproceedings{Fatima2007,
	Author = {S. Shaheen Fatima and Michael Wooldridge and Nicholas R. Jennings},
	Booktitle = {AAMAS},
	Pages = {156},
	Title = {Approximate and online multi-issue negotiation},
	Year = {2007}}

@article{Fatima2006,
	Author = {S. Shaheen Fatima and Michael Wooldridge and Nicholas R. Jennings},
	Journal = {J. Artif. Intell. Res. (JAIR)},
	Pages = {381-417},
	Title = {Multi-Issue Negotiation with Deadlines},
	Volume = {27},
	Year = {2006}}

@inproceedings{Jonker2001,
	Author = {Catholijn M. Jonker and Jan Treur},
	Booktitle = {Proceedings of the 17th International Joint Conference on AI, IJCAI'01, 2001},
	Pages = {1195--1201},
	Publisher = {Morgan Kaufman},
	Title = {An Agent Architecture for Multi-Attribute Negotiation},
	Year = {2001}}

@inproceedings{Jonker2004,
	Address = {Washington, DC, USA},
	Author = {Catholijn Jonker and Robu, Valentin},
	Booktitle = {AAMAS '04: Proceedings of the Third International Joint Conference on Autonomous Agents and Multiagent Systems},
	Location = {New York, New York},
	Pages = {1054--1061},
	Publisher = {IEEE Computer Society},
	Title = {Automated Multi-Attribute Negotiation with Efficient Use of Incomplete Preference Information},
	Year = {2004}}

@article{Jonker2007,
	Author = {Catholijn M. Jonker and Valentin Robu and Jan Treur},
	Journal = {Autonomous Agents and Multi-Agent Systems},
	Number = {2},
	Pages = {221-252},
	Title = {An agent architecture for multi-attribute negotiation using incomplete preference information},
	Volume = {15},
	Year = {2007}}

@article{Klein2003,
	Author = {Mark Klein and Peymen Faratin and Hiroki Sayama and Yaneer Bar-Yam},
	Journal = {Group Decision and Negotiation},
	Number = 2,
	Pages = {58--73},
	Title = {Negotiating Complex Contracts},
	Volume = 12,
	Year = 2003}

@book{Russell2002,
	Author = {Stuart J. Russell and Peter Norvig},
	Publisher = {Prentice Hall},
	Title = {Artificial Intelligence : A Modern Approach},
	Year = 2002}

@inproceedings{Wu2009,
	Address = {Berlin, Heidelberg},
	Author = {Mengxiao Wu and Mathijs Weerdt and Han Poutr\'{e}},
	Booktitle = {PRIMA '09: Proceedings of the 12th International Conference on Principles of Practice in Multi-Agent Systems},
	Location = {Nagoya, Japan},
	Pages = {97--112},
	Publisher = {Springer-Verlag},
	Title = {Efficient Methods for Multi-agent Multi-issue Negotiation: Allocating Resources},
	Year = {2009}}

@inproceedings{Ren2009,
	Address = {Berlin, Heidelberg},
	Author = {Fenghui Ren and Minjie Zhang and Chunyan Miao and Zhiqi Shen},
	Booktitle = {PRIMA '09: Proceedings of the 12th International Conference on Principles of Practice in Multi-Agent Systems},
	Location = {Nagoya, Japan},
	Pages = {1--16},
	Publisher = {Springer-Verlag},
	Title = {A Market-Based Multi-Issue Negotiation Model Considering Multiple Preferences in Dynamic E-Marketplaces},
	Year = {2009}}

@article{Malone2007,
	Author = {Thomas W. Malone and Mark Klein},
	Journal = {Innovations: Technology, Governance, Globalization},
	Month = {July},
	Number = {3},
	Pages = {15-26},
	Title = {Harnessing Collective Intelligence to Address Global Climate Change},
	Volume = {2},
	Year = 2007}

@inproceedings{Mark2008,
	Author = {Mark Klein and Luca Iandoli},
	Booktitle = {Directions and Implications of Advanced Computing; Conference on Online Deliberation (DIAC-2008/OD2008)},
	Location = {Unicersity of California, Berkeley, USA},
	Optpages = {1--16},
	Optpublisher = {Springer-Verlag},
	Title = {Supporting Collaborative Deliberation Using a Large-Scale Argumentation System: The MIT Collaboratorium},
	Year = {2008}}

@article{Iandoli2009,
	Author = {Luca Iandoli and Mark Klein and Guiseppe Zollo},
	Journal = {International Journal of Decision Support System Technology},
	Number = {1},
	Optmonth = {July},
	Pages = {69-92},
	Title = {Enabling On-Line Deliberation and Collective Decision-Making through Large-Scale Argumentation: A New Approach to the Design of an Internet-Based Mass Collaboration Platform},
	Volume = {1},
	Year = {2009}}

@phdthesis{Chen2006,
	Author = {Shouheng Chen},
	School = {MIT},
	Title = {Embedding Methods for Massing and Detail Design in Computer Generated Design of Skyscrapers.},
	Year = {2006}}

@book{Eastman2009,
	Author = {Chuck Eastman and Paul Teicholz and Rafael Sacks and Kathleen Liston},
	Publisher = {Wiley Publisher},
	Title = {BIM Handbook: A Guide to Building Information Modeling for Owners, Managers, Designers, Engineers and Contractors},
	Year = {2009}}

@article{2010,
	Author = {伊藤孝行},
	Journal = {知能と情報（日本知能情報ファジィ学会誌）},
	Number = {3},
	Pages = {295--302},
	Title = {マルチエージェントの自動交渉モデルとその応用},
	Volume = {22},
	Year = {2010}}

@inproceedings{fatima:02,
	Author = {Fatima, Shaheen S and Wooldridge, Michael and Jennings, Nicholas R},
	Booktitle = {Proceedings of the first international joint conference on Autonomous agents and multiagent systems: part 1},
	Organization = {ACM},
	Pages = {143--150},
	Title = {Multi-issue negotiation under time constraints},
	Year = {2002}}

@article{kraus:95,
	Author = {Kraus, Sarit and Wilkenfeld, Jonathan and Zlotkin, Gilad},
	Journal = {Artificial intelligence},
	Number = {2},
	Pages = {297--345},
	Publisher = {Elsevier},
	Title = {Multiagent negotiation under time constraints},
	Volume = {75},
	Year = {1995}}

@book{kraus:01,
	Author = {Kraus, Sarit},
	Publisher = {MIT press},
	Title = {Strategic negotiation in multiagent environments},
	Year = {2001}}

@book{osborne:90,
	Author = {Osborne, Martin J and Rubinstein, Ariel},
	Publisher = {Academic press San Diego},
	Title = {Bargaining and markets},
	Volume = {34},
	Year = {1990}}

@book{osborne:94,
	Author = {Osborne, Martin J and Rubinstein, Ariel},
	Publisher = {MIT press},
	Title = {A course in game theory},
	Year = {1994}}

@article{jennings:01,
	Author = {Jennings, Nicholas R and Faratin, Peyman and Lomuscio, Alessio R and Parsons, Simon and Wooldridge, Michael J and Sierra, Carles},
	Journal = {Group Decision and Negotiation},
	Number = {2},
	Pages = {199--215},
	Publisher = {Springer},
	Title = {Automated negotiation: prospects, methods and challenges},
	Volume = {10},
	Year = {2001}}

@article{faratin:02,
	Author = {Faratin, Peyman and Sierra, Carles and Jennings, Nicholas R},
	Journal = {artificial Intelligence},
	Number = {2},
	Pages = {205--237},
	Publisher = {Elsevier},
	Title = {Using similarity criteria to make issue trade-offs in automated negotiations},
	Volume = {142},
	Year = {2002}}

@incollection{baarslag:13,
	Author = {Baarslag, Tim and Hindriks, Koen and Jonker, Catholijn},
	Booktitle = {Complex Automated Negotiations: Theories, Models, and Software Competitions},
	Pages = {95--111},
	Publisher = {Springer},
	Title = {Acceptance conditions in automated negotiation},
	Year = {2013}}

@inproceedings{baarslag:13-2,
	Author = {Baarslag, Tim and Hindriks, Koen V},
	Booktitle = {Proceedings of the 2013 international conference on Autonomous agents and multi-agent systems},
	Organization = {International Foundation for Autonomous Agents and Multiagent Systems},
	Pages = {715--722},
	Title = {Accepting optimally in automated negotiation with incomplete information},
	Year = {2013}}

@article{klein:03,
	Author = {Klein, Mark and Faratin, Peyman and Sayama, Hiroki and Bar-Yam, Yaneer},
	Journal = {Group Decision and Negotiation},
	Number = {2},
	Pages = {111--125},
	Publisher = {Springer},
	Title = {Negotiating complex contracts},
	Volume = {12},
	Year = {2003}}

@booklet{anac:10,
	Address = {http://mmi.tudelft.nl/negotiation/tournament},
	Author = {C. Jonker and S. Kraus and K. Hindriks and R. Lin},
	Key = {ANAa},
	Title = {The First Automated Negotiating Agents Competition (ANAC2010)},
	Year = {2010}}

@booklet{anac:11,
	Address = {http://www.anac2011.com/},
	Author = {T. Ito and C. Jonker and S. Kraus and K. Hindriks and K. Fujita and R. Lin and T. Baarslag},
	Key = {ANAb},
	Title = {The Second International Automated Negotiating Agents Competition (ANAC2011)},
	Year = {2011}}

@booklet{anac:12,
	Address = {http://anac2012.ecs.soton.ac.uk/},
	Author = {C. R. Williams and V. Robu and E. Gerding and N. R. Jennings and T. Ito and C. Jonker and S. Kraus and K. Hindriks and R. Lin and T. Baarslag.},
	Key = {ANAc},
	Title = {The Third International Automated Negotiating Agents Competition (ANAC2012)},
	Year = {2012}}

@booklet{anac:13,
	Address = {http://www.itolab.nitech.ac.jp/ANAC2013/},
	Author = {K. Gal and T. Ito and C. Jonker and S. Kraus and K. Hindriks and R. Lin and T. Baarslag},
	Key = {ANAd},
	Title = {The Fourth International Automated Negotiating Agents Competition (ANAC2013)},
	Year = {2013}}

@booklet{anac:14,
	Address = {http://www.itolab.nitech.ac.jp/ANAC2014/},
	Author = {T. Ito and K. Fujita and C. Jonker and K. Hindriks and T. Baarslag and R. Aydogan},
	Key = {ANAe},
	Title = {The Fifth International Automated Negotiating Agents Competition (ANAC2014)},
	Year = {2014}}

@inproceedings{ito:07,
	Author = {Takayuki Ito and Hiromitsu Hattori and Mark Klein},
	Booktitle = {Proceedings of the 30th International Joint Conference on Artificial Intelligence (IJCAI2007)},
	Pages = {1347--1352},
	Title = {Multi-issue Negotiation Protocol for Agents: Exploring Nonlinear Utility Spaces.},
	Volume = {7},
	Year = {2007}}

@inproceedings{fujita:08,
	Author = {Fujita, Katsuhide and Ito, Takayuki and Klein, Mark},
	Booktitle = {Proceedings of the 7th international joint conference on Autonomous agents and multiagent systems-Volume 3},
	Organization = {International Foundation for Autonomous Agents and Multiagent Systems},
	Pages = {1573--1576},
	Title = {A preliminary result on a representative-based multi-round protocol for multi-issue negotiations},
	Year = {2008}}

@book{pearl:88,
	Author = {Pearl, Judea},
	Publisher = {Morgan Kaufmann},
	Title = {Probabilistic reasoning in intelligent systems: networks of plausible inference},
	Year = {1988}}

@inproceedings{rafik:14,
	Author = {Hadfi, Rafik and Ito, Takayuki},
	Booktitle = {Proceedings of the Seventh International Workshop on Agent-based Complex Automated Negotiations(ACAN2014)},
	Title = {On the Complexity of Utility Hypergraphs},
	Year = {2014}}

@incollection{rafik:14-2,
	Author = {Hadfi, Rafik and Ito, Takayuki},
	Booktitle = {Modeling Decisions for Artificial Intelligence},
	Pages = {14--25},
	Publisher = {Springer},
	Title = {Modeling Complex Nonlinear Utility Spaces Using Utility Hyper-Graphs},
	Year = {2014}}

@article{rubinstein:82,
	Author = {Rubinstein, Ariel},
	Journal = {Econometrica: Journal of the Econometric Society},
	Pages = {97--109},
	Publisher = {JSTOR},
	Title = {Perfect equilibrium in a bargaining model},
	Year = {1982}}

@article{rubinstein:85,
	Author = {Rubinstein, Ariel},
	Journal = {Econometrica: Journal of the Econometric Society},
	Pages = {1151--1172},
	Publisher = {JSTOR},
	Title = {A bargaining model with incomplete information about time preferences},
	Year = {1985}}

@inproceedings{sandholm:99,
	Author = {Sandholm, Tuomas and Vulkan, Nir and others},
	Booktitle = {AAAI/IAAI},
	Pages = {44--51},
	Title = {Bargaining with deadlines},
	Year = {1999}}

@article{fujita:12,
	Author = {Fujita, Katsuhide and Ito, Takayuki and Klein, Mark},
	Journal = {Computational Intelligence},
	Publisher = {Wiley Online Library},
	Title = {AN APPROACH TO SCALABLE MULTI-ISSUE NEGOTIATION: DECOMPOSING THE CONTRACT SPACE},
	Year = {2012}}

@inproceedings{robu:05,
	Author = {Robu, Valentin and Somefun, DJA and La Poutr{\'e}, Johannes A},
	Booktitle = {Proceedings of the fourth international joint conference on Autonomous agents and multiagent systems},
	Organization = {ACM},
	Pages = {280--287},
	Title = {Modeling complex multi-issue negotiations using utility graphs},
	Year = {2005}}

@incollection{robu:08,
	Author = {Robu, Valentin and La Poutr{\'e}, Han},
	Booktitle = {Rational, Robust, and Secure Negotiations in Multi-Agent Systems},
	Pages = {147--168},
	Publisher = {Springer},
	Title = {Constructing the Structure of Utility Graphs Used in Multi-Item Negotiation through Collaborative Filtering of Aggregate Buyer Preferences},
	Year = {2008}}

@article{bac:96,
	Author = {Bac, Mehmet and Raff, Horst},
	Journal = {Games and Economic Behavior},
	Number = {1},
	Pages = {125--134},
	Publisher = {Elsevier},
	Title = {Issue-by-issue negotiations: the role of information and time preference},
	Volume = {13},
	Year = {1996}}

@article{fershtman:90,
	Author = {Fershtman, Chaim},
	Journal = {Games and Economic Behavior},
	Number = {3},
	Pages = {224--238},
	Publisher = {Elsevier},
	Title = {The importance of the agenda in bargaining},
	Volume = {2},
	Year = {1990}}

@article{inderst:00,
	Author = {Inderst, Roman},
	Journal = {Games and Economic Behavior},
	Number = {1},
	Pages = {64--82},
	Publisher = {Elsevier},
	Title = {Multi-issue bargaining with endogenous agenda},
	Volume = {30},
	Year = {2000}}

@inproceedings{greenstadt:06,
	Author = {Greenstadt, Rachel and Pearce, Jonathan P and Tambe, Milind},
	Booktitle = {AAAI},
	Pages = {647--653},
	Title = {Analysis of privacy loss in distributed constraint optimization},
	Volume = {6},
	Year = {2006}}

@inproceedings{maheswaran:05,
	Author = {Maheswaran, Rajiv T and Pearce, Jonathan P and Varakantham, Pradeep and Bowring, Emma and Tambe, Milind},
	Booktitle = {Proceedings of the fourth international joint conference on Autonomous agents and multiagent systems},
	Organization = {ACM},
	Pages = {1030--1037},
	Title = {Valuations of possible states (VPS): a quantitative framework for analysis of privacy loss among collaborative personal assistant agents},
	Year = {2005}}

@article{fatima:04,
	Author = {Fatima, Shaheen S and Wooldridge, Michael and Jennings, Nicholas R},
	Journal = {Artificial Intelligence},
	Number = {1},
	Pages = {1--45},
	Publisher = {Elsevier},
	Title = {An agenda-based framework for multi-issue negotiation},
	Volume = {152},
	Year = {2004}}

@incollection{kawaguchi:11,
	Author = {Kawaguchi, Shogo and Fujita, Katsuhide and Ito, Takayuki},
	Booktitle = {Modern Approaches in Applied Intelligence},
	Pages = {501--510},
	Publisher = {Springer},
	Title = {Compromising strategy based on estimated maximum utility for automated negotiation agents competition (ANAC-10)},
	Year = {2011}}
baas
@inproceedings{williams:11,
	Author = {Williams, Colin R and Robu, Valentin and Gerding, Enrico H and Jennings, Nicholas R},
	Booktitle = {IJCAI Proceedings-International Joint Conference on Artificial Intelligence},
	Pages = {432-438},
	Title = {Using gaussian processes to optimise concession in complex negotiations against unknown opponents},
	Volume = {22},
	Year = {2011}}
